@article{allenWhenUtensilsRevolt1998,
  title = {When {{Utensils Revolt}}: {{Mind}}, {{Matter}}, and {{Modes}} of {{Being}} in the {{Pre-Columbian Andes}}},
  shorttitle = {When {{Utensils Revolt}}},
  author = {Allen, Catherine J.},
  date = {1998},
  journaltitle = {Res: Anthropology and aesthetics},
  shortjournal = {Res: Anthropology and aesthetics},
  volume = {33},
  pages = {18--27},
  issn = {0277-1322},
  doi = {10.1086/RESv33n1ms20166999},
  url = {https://www.journals.uchicago.edu/doi/10.1086/RESv33n1ms20166999},
  urldate = {2022-10-03},
  langid = {english}
}

@article{asteSintesisArqueologiaExtremo1980,
  title = {Síntesis {{De La Arqueología Del Extremo Norte De Chile}}},
  author = {Aste, Guillermo Focacci},
  date = {1980},
  journaltitle = {Chungara: Revista de Antropología Chilena},
  number = {6},
  eprint = {27801710},
  eprinttype = {jstor},
  pages = {3--23},
  publisher = {Universidad de Tarapaca},
  issn = {0716-1182},
  url = {https://www.jstor.org/stable/27801710},
  urldate = {2023-12-10}
}

@article{bachaInteraccionesHorizontalesVerticales2017,
  title = {Interacciones horizontales y verticales en la costa y sierra sur en tiempos prehispánicos: una introducción},
  shorttitle = {Interacciones horizontales y verticales en la costa y sierra sur en tiempos prehispánicos},
  author = {Bacha, Aïcha Bachir and Dulanto, Jalh},
  date = {2017-12-15},
  journaltitle = {Boletín de Arqueología PUCP},
  number = {22},
  pages = {5--8},
  issn = {2304-4292},
  url = {https://revistas.pucp.edu.pe/index.php/boletindearqueologia/article/view/19489},
  urldate = {2023-11-19},
  langid = {spanish}
}

@book{boissiereAtlasAmeriquePrecolombienne2022,
  title = {Atlas de l'{{Amérique}} Précolombienne: Du Peuplement à La Conquête},
  shorttitle = {Atlas de l'{{Amérique}} Précolombienne},
  author = {Boissière, Aurélie and Faugère, Brigitte and Goepfert, Nicolas},
  date = {2022},
  series = {Atlas-Mémoires},
  publisher = {Éditions Autrement},
  location = {Paris},
  isbn = {978-2-7467-6019-6},
  keywords = {America,Antiquities,Atlases,Civilization,Historical geography,Maps}
}

@thesis{boytnerPacatnamuTextilesStudy1998,
  title = {The {{Pacatnamu}} Textiles: A Study of Identity and Function},
  shorttitle = {The {{Pacatnamu}} Textiles},
  author = {Boytner, Ran},
  date = {1998},
  institution = {Department of Anthropology, University of California, Los Angeles.},
  langid = {english},
  pagetotal = {365},
  keywords = {Academic theses,dissertations,Indian textile fabrics,Moyen,Pacatnamú Site (Peru),Peru Pacatnamú Site,Textile fabrics,Textile fabrics Peru Pacatnamú Site,Textiles et tissus des Peuples autochtones,Thèses et écrits académiques},
  annotation = {OCLC: 41994861}
}

@article{boytnerTextilesLowerOsmore1998,
  title = {Textiles from the {{Lower Osmore Valley}}, {{Southern Peru}}: {{A Cultural Interpretation}}},
  shorttitle = {Textiles from the {{Lower Osmore Valley}}, {{Southern Peru}}},
  author = {Boytner, Ran},
  date = {1998},
  journaltitle = {Andean Past},
  volume = {5},
  number = {1},
  pages = {18},
  issn = {1055-8756},
  url = {https://digitalcommons.library.umaine.edu/andean_past/vol5/iss1/18},
  urldate = {2023-12-19},
  abstract = {By Ran Boytner, Published on 01/01/98},
  langid = {english},
  keywords = {Moyen}
}

@article{browmanPastoralNomadismAndes1974,
  title = {Pastoral {{Nomadism}} in the {{Andes}}},
  author = {Browman, David L.},
  date = {1974},
  journaltitle = {Current Anthropology},
  shortjournal = {Current Anthropology},
  volume = {15},
  number = {2},
  pages = {188--196},
  issn = {0011-3204, 1537-5382},
  doi = {10.1086/201455},
  url = {https://www.journals.uchicago.edu/doi/10.1086/201455},
  urldate = {2024-02-13},
  langid = {english}
}

@thesis{cassmanReconsiderationPrehistoricEthnicity1999,
  title = {A Reconsideration of Prehistoric Ethnicity and Status in {{Northern Chile}} the Textile Evidence},
  author = {Cassman, Vicki},
  date = {1999},
  institution = {Department of Anthroplogy, Arizona State University, Tempe.},
  langid = {english},
  pagetotal = {287},
  keywords = {Hochschulschrift,Moyen},
  annotation = {OCLC: 1407666375}
}

@book{charlierzeineddineChapitreLikIchiri2015,
  title = {Chapitre I. Les lik'ichiri - Soupçons, confessions et châtiments},
  author = {Charlier Zeineddine, Laurence},
  date = {2015},
  publisher = {Presses universitaires de Rennes},
  issn = {2827-2978},
  url = {https://books.openedition.org/pur/​https://books.openedition.org/pur/41747},
  urldate = {2023-12-10},
  abstract = {Chez les anthropologues andinistes, le lik'ichiri a donné lieu à trois types d'analyses qui n'ont pas été mises en relation~: la rumeur du lik'ichiri («~les curés sont des lik'ichiri~» par exemple), la maladie attribuée à une agression du lik'ichiri et enfin l'accusation de lik'ichiri c'est-à-dire l'identification d'une personne singulière à qui l'on impute le fait d'agir en tant que lik'ichiri. Le lik'ichiri est en effet mentionné dans des rumeurs, utilisé pour des étiologies et sert de just...},
  isbn = {978-2-7535-5285-2},
  langid = {french},
  file = {/Users/lise/Zotero/storage/RZD4V775/41747.html}
}

@thesis{clarkEstuquinaTextileTradition1994,
  title = {The {{Estuquiña}} Textile Tradition : Cultural Patterning in Late Prehistoric Fabrics, {{Moquegua}}, Far Southern {{Peru}}},
  shorttitle = {The {{Estuquiña}} Textile Tradition},
  author = {Clark, Niki R.},
  date = {1994},
  institution = {Department of Anthropology, Washington University, St. Louis, MO.},
  keywords = {Moyen}
}

@article{coveyMultiregionalPerspectivesArchaeology2008,
  title = {Multiregional {{Perspectives}} on the {{Archaeology}} of the {{Andes During}} the {{Late Intermediate Period}} (c. {{A}}.{{D}}. 1000-1400)},
  author = {Covey, R. Alan},
  date = {2008},
  journaltitle = {Journal of Archaeological Research},
  volume = {16},
  number = {3},
  pages = {287--338},
  doi = {10.1007/s10814-008-9021-7},
  langid = {english},
  keywords = {Architecture,Complexity,Ethnicity,Late Intermediate period (LIP),Material culture,Mortuary treatment,Political economy,Settlement patterns}
}

@article{focacciExcavacionesCementerioPlaya1974,
  title = {Excavaciones {{En El Cementerio Playa Miller}} 7. {{Arica}} (Chile)},
  author = {Focacci, Guillermo},
  date = {1974},
  journaltitle = {Chungara: Revista de Antropología Chilena},
  number = {3},
  eprint = {27801684},
  eprinttype = {jstor},
  pages = {23--74},
  publisher = {Universidad de Tarapaca},
  issn = {0716-1182},
  url = {https://www.jstor.org/stable/27801684},
  urldate = {2023-12-10},
  file = {/Users/lise/Zotero/storage/PV2XMZAB/Focacci - 1974 - Excavaciones En El Cementerio Playa Miller 7. Aric.pdf}
}

@article{hocquenghemFronteraEntreAreas1991,
  title = {Frontera entre "áreas culturales" nor y centroandinas en los valles y la costa del extremo norte peruano},
  author = {Hocquenghem, Anne-Marie},
  date = {1991},
  journaltitle = {Bulletin de l'Institut Français d'Études Andines},
  volume = {20},
  number = {2},
  pages = {309--348},
  publisher = {Persée - Portail des revues scientifiques en SHS},
  doi = {10.3406/bifea.1991.1039},
  url = {https://www.persee.fr/doc/bifea_0303-7495_1991_num_20_2_1039},
  urldate = {2024-01-18},
  abstract = {En las páginas siguientes se tratará de reunir, comparar y discutir las informaciones arqueológicas sobre la costa y los valles del extremo norte del Perú, con el fin de rastrear los desplazamientos de la frontera entre las "áreas culturales" norandina y centroandina. Esta frontera constituye el límite septentrional de la "organización andina" de la producción y del "orden andino" que permite asegurar la reproducción social.},
  langid = {spanish}
}

@incollection{hocquenghemIntercambiosEntreAndes1995,
  title = {Intercambios Entre Los {{Andes Centrales}} y {{Norteños}} En El Extremo {{Norte}} de {{Perú}}},
  booktitle = {Primer {{Encuentro}} de {{Investigadores}} de La {{Costa Ecuatoriana}} En {{Europa}}: Arqueología, Etnohistoria, Antropología Sociocultural},
  author = {Hocquenghem, Anne-Marie},
  editor = {Alvarez Pérez, Aureli and Alvarez, Silvia G. and Fauría, Carmen and Marcos, Jorge G.},
  date = {1995},
  edition = {1. ed},
  publisher = {Ediciones Abya-Yala},
  location = {Quito, Ecuador},
  eventtitle = {Reunión de {{Investigadores}} de La {{Costa Ecuatoriana}} En {{Europa}}},
  isbn = {978-9978-04-100-0},
  keywords = {Andes}
}

@thesis{housseTerritorialiteFortificationsEntre2021,
  type = {These de doctorat},
  title = {Territorialité et Fortifications Entre La Côte {{Pacifique}} et l'altiplano Méridional Andin à l'{{Intermédiaire Récent}} (1100 - 1450 {{Apr}}. {{J}}.-{{C}}.)},
  author = {Housse, Romuald},
  date = {2021-01-09},
  institution = {Paris 1},
  url = {https://www.theses.fr/2021PA01H004},
  urldate = {2024-01-31},
  abstract = {Cette thèse a pour objectif de comprendre les modalités de l'occupation des régions impliquées dans la complémentarité écologique andine durant une époque considérée comme particulièrement conflictuelle : l'Intermédiaire Récent (1100- 1450 Apr. J.-C.). Notre étude s'est concentrée au sud du Pérou, dans la précordillère de Tacna, région peu documentée archéologiquement, mais réputée ethnohistoriquement pour avoir été un « archipel » multiethnique. Les sources historiques mentionnent ainsi la présence simultanée de populations Lupaca venues des hautes terres altiplaniques et de groupes Arica issus des vallées côtières. Face à un tel scénario, la question était de comprendre comment durant une période rongée par les conflits et caractérisée par la construction généralisée à l'ensemble des Andes d'établissements fortifiés (pucaras) s'organisaient les échanges entre les différentes populations et les modalités de leur éventuelle cohabitation. À travers une analyse comparative des systèmes de fortifications selon un transect entre basses et hautes terres andines (côte Pacifique, précordillère et Altiplano) nous tentons de vérifier la ou les fonction(s) des établissements de type pucara et donc de mieux cerner l'intensité des conflits au sein de ces différents territoires. Cette approche nous permet de mieux comprendre la nature de l'occupation et de  l'exploitation de la précordillère de Tacna à l'Intermédiaire Récent et la nature des relations qu'entretenaient les populations locales à celles des régions limitrophes.},
  keywords = {970.011,Altiplano,Andean archaeology,Archéologie andine,Complémentarité écologique,Ecological complementarity,Fortifications,Fortifications -- Tacna (Pérou ; département),Fouilles archéologiques -- Tacna (Pérou ; département),Lupaqa (Indiens),Pérou,Pérou -- Jusqu'à 1548,Peru,Pucara,Tacna,Territorialité,Territoriality}
}

@article{lopezIFRAOStandardScale2009,
  title = {The {{IFRAO Standard Scale}}: {{A Revision}}},
  shorttitle = {The {{IFRAO Standard Scale}}},
  author = {Lopez, E. and Tumi, G.},
  date = {2009},
  journaltitle = {Rock Art Research},
  volume = {26},
  number = {2},
  pages = {225--226},
  abstract = {The benefits and advantages offered by the IFRAO Standard Scale as a standard tool for rock art recording at a worldwide level are discussed. The need for a substantive revision of nature and use has been highlighted mainly because its specific function and benefit has not been explicitly exposed.}
}

@article{munozovalleAguaMonumentalidadValle2012,
  title = {Agua y {{Monumentalidad}} En El {{Valle}} de {{Azapa}} : {{Indicadores}} Del {{Uso}} Del {{Espacio}} En Las {{Poblacionas Alto Ramírez}}, {{Período Formativo}}, {{Norte}} de {{Chile}}},
  shorttitle = {{{AGUA Y MONUMENTALIDAD EN EL VALLE DE AZAPA}}},
  author = {Muñoz Ovalle, Iván},
  date = {2012},
  journaltitle = {Chungará (Arica)},
  volume = {44},
  number = {4},
  pages = {571--591},
  publisher = {Universidad de Tarapacá. Facultad de Ciencias Sociales y Jurídicas. Departamento de Antropología},
  issn = {0717-7356},
  doi = {10.4067/S0717-73562012000400003},
  url = {http://www.scielo.cl/scielo.php?script=sci_abstract&pid=S0717-73562012000400003&lng=es&nrm=iso&tlng=es},
  urldate = {2023-12-10},
  file = {/Users/lise/Zotero/storage/4UF7SSID/Muñoz Ovalle - 2012 - AGUA Y MONUMENTALIDAD EN EL VALLE DE AZAPA INDICA.pdf}
}

@incollection{murraControlVerticalMaximo1975,
  title = {El Control Vertical de Un Máximo de Pisos Ecológicos En La Economía de Las Sociedades Andinas},
  booktitle = {Formaciones Económicas y Políticas Del Mundo Andino},
  author = {Murra, John V.},
  date = {1975},
  pages = {59--116},
  publisher = {IEP},
  location = {Lima}
}

@book{nicolasAyllusTinguipayaEnsayos2015,
  title = {Los ayllus de Tinguipaya: ensayos de historia a varias voces},
  shorttitle = {Los ayllus de Tinguipaya},
  author = {Nicolas, Vincent},
  date = {2015},
  edition = {Primera edición},
  publisher = {Plural Editores},
  location = {La Paz, Bolivia},
  isbn = {978-99954-1-680-5},
  langid = {spanish},
  pagetotal = {491},
  keywords = {Ayllus,Bolivia Tinguipaya,History,Indians of South America,Politics and government,Social conditions,Social structure,Tinguipaya (Bolivia)},
  annotation = {OCLC: ocn944197741}
}

@inbook{nielsenCirculatingObjectsConstitution2013,
  title = {Circulating {{Objects}} and the {{Constitution}} of {{South Andean Society}} (500 {{BC-AD}} 1550)},
  booktitle = {Merchants, Markets, and Exchange in the {{Pre-Columbian}} World},
  author = {Nielsen, Axel},
  date = {2013},
  series = {Dumbarton {{Oaks Pre-Columbian}} Symposia and Colloquia},
  pages = {389--418},
  publisher = {{Dumbarton Oaks Research Library and Collection}},
  location = {Washington, DC},
  bookauthor = {Hirth, Kenn and Pillsbury, Joanne},
  isbn = {978-0-88402-386-9},
  langid = {english},
  file = {/Users/lise/Zotero/storage/MVJUNXRZ/Nielsen - 2013 - Circulating Objects and the Constitution of South .pdf}
}

@incollection{oaklandNorthCoastStyle2005,
  title = {North {{Coast Style}} after {{Moche}} : {{Clothing}} and {{Identity}} at El {{Brujo}}, {{Chicama Valley}}, {{Peru}}},
  shorttitle = {North {{Coast Style}} after {{Moche}}},
  author = {Oakland, Amy and Fernandez, Arabel},
  date = {2005-05-01},
  pages = {115--133},
  doi = {10.2307/j.ctvhhhfwp.11},
  isbn = {978-1-931745-17-8},
  keywords = {Moyen}
}

@article{oriasReviewQaraqaraCharkaMallku2009,
  title = {Review of {{Qaraqara-Charka}}. {{Mallku}}, {{Inka}} y {{Rey}} En La {{Provincia}} de {{Charcas}} ({{Siglos XV-XVII}}). {{Historia Antropológica}} de Una {{Confederación Aymara}}, {{Thérèse Bouysse-Cassagne}}},
  author = {Orías, Paola Revilla},
  namea = {Platt, Tristan and Bouysse-Cassagne, Thérèse and Harris, Olivia},
  nameatype = {collaborator},
  date = {2009},
  journaltitle = {Chungara: Revista de Antropología Chilena},
  volume = {41},
  number = {2},
  pages = {309--311},
  publisher = {Universidad de Tarapaca},
  issn = {0716-1182},
  file = {/Users/lise/Zotero/storage/H5B8RKZ7/Orías - 2009 - Review of Qaraqara-Charka. Mallku, Inka y Rey en l.pdf}
}

@article{ramonjoffrePeriodificacionArqueologiaPeruana2005,
  title = {Periodificación en Arqueología peruana: genealogía y aporía},
  shorttitle = {Periodificación en Arqueología peruana},
  author = {Ramón Joffré, Gabriel},
  date = {2005-05-01},
  journaltitle = {Bulletin de l'Institut français d'études andines},
  number = {34 (1)},
  pages = {5--33},
  publisher = {Institut français des études andines},
  issn = {0303-7495},
  doi = {10.4000/bifea.5567},
  url = {https://journals.openedition.org/bifea/5567},
  urldate = {2024-01-15},
  abstract = {La periodificación es un estratégico punto de intersección entre la propuesta teórica y la investigación empírica. Su historia resume bien los debates por los que ha atravesado la arqueología peruana. La variedad de periodificaciones postuladas y/o practicadas en el área central andina, las convierte en un privilegiado campo de estudio. Asumida la necesaria reciprocidad entre el avance de toda disciplina y el conocimiento de su historia, se plantea este recorrido por los principales sistemas de periodificación, los enfrentamientos entre tendencias y el panorama actual. No se trata de un enfoque teórico, antes bien historiográfico de un aspecto específico de la arqueología peruana. El objetivo es hacer una genealogía crítica y funcional, es decir presentar la génesis de los esquemas conceptuales actualmente utilizados, sus conexiones y límites.},
  issue = {34 (1)},
  langid = {spanish},
  keywords = {Historia de la arqueología peruana,historiografía arqueológica,periodificación,Perú,sistemas de clasificación}
}

@article{roweAbsoluteChronologyAndean1945,
  title = {Absolute {{Chronology}} in the {{Andean Area}}},
  author = {Rowe, John Howland},
  date = {1945},
  journaltitle = {American Antiquity},
  volume = {10},
  number = {3},
  pages = {265--284},
  publisher = {Cambridge University Press},
  issn = {0002-7316, 2325-5064},
  doi = {10.2307/275130},
  url = {https://www.cambridge.org/core/journals/american-antiquity/article/abs/absolute-chronology-in-the-andean-area/B3538521C1DCB33B0BC4E5989BDE0200},
  urldate = {2024-01-03},
  abstract = {Although a reliable relative chronology, based chiefly on the sequence of pottery types, is rapidly being built up for the Andean area, no method has so far been devised for turning the relative dates into absolute ones. As far as we know at present, no permanent method of dating, comparable to the Maya Long Count or even to the Mexican fifty-two-year cycle, was in use in any part of South America, and no one has yet investigated the possibility of building up a tree-ring sequence, even in the drier regions of Peru. Furthermore, the distances that separate the Andean area from the Maya area have so far prevented any correlation of the early pottery types of the two areas, so that we cannot even estimate the age of Peruvian remains in terms of the insecurely correlated Maya calendar.},
  langid = {english}
}

@incollection{roweCulturalUnityDiversification1960,
  title = {Cultural {{Unity}} and {{Diversification}} in {{Peruvian Archeology}}},
  booktitle = {Men and {{Cultures}}. {{Selected Papers}} of the {{Fifth International Congress}} of {{Anthropological}} and {{Ethnological Sciences}} (1956).},
  author = {Rowe, John Howland},
  editor = {F. C. Wallace, Anthony},
  date = {1960},
  pages = {627--631},
  publisher = {University of Pennsylvania Press},
  location = {Philadelphia},
  langid = {english}
}

@article{roweStagesPeriodsArchaeological1962,
  title = {Stages and {{Periods}} in {{Archaeological Interpretation}}},
  author = {Rowe, John Howland},
  date = {1962},
  journaltitle = {Southwestern Journal of Anthropology},
  volume = {18},
  number = {1},
  pages = {40--54},
  publisher = {University of New Mexico},
}

@article{torresEvolucionIndustriaTextil1982,
  title = {Evolución {{De La Industria Textil Prehispánica En La Zona De Arica}}},
  author = {Torres, Liliana Ulloa},
  date = {1982},
  journaltitle = {Chungara: Revista de Antropología Chilena},
  number = {8},
  eprint = {27801735},
  eprinttype = {jstor},
  pages = {97--108},
  publisher = {Universidad de Tarapaca},
  issn = {0716-1182},
  url = {https://www.jstor.org/stable/27801735},
  urldate = {2023-12-19},
  abstract = {Se intenta con este trabajo mostrar el desarrollo tecnológico que ha tenido la industria textil en los valles y costa de esta zona, desde su aparición en épocas arcaicas hasta los períodos aldeanos. Se ha tomado como objeto de estudio el material que se encuentra en depósito en el Museo Arqueológico San Miguel de Azapa y que es producto de excavaciones de muchos años, hasta la actualidad. Se consideran en este estudio aspectos formales, técnicos y decorativos que inciden en este desarrollo, con respecto al momento de aparición, desaparición o continuidad de rasgos determinados The purpose of this work is to show the technical development of textile industry along valleys and coast of Arica, covering from its first appearance during the archaic period to the village community times. The source material belongs to the Museo Arqueológico San Miguel de Azapa that safekeeps a large collection of textiles which has been excavated for years up to present day. Formal, technical and ornamental aspects affecting this evolution are considered in regard to the moment of appearance, disappearance or continuity of given traits.},
  keywords = {Moyen},
  file = {/Users/lise/Zotero/storage/7LPBTI3N/Torres - 1982 - Evolución De La Industria Textil Prehispánica En L.pdf}
}

@article{tricallotisEstudioIconograficoTextiles1997,
  title = {Estudio {{Iconográfico De Textiles Arqueológicos Del Valle De Azapa}}, {{Arica}}},
  author = {Tricallotis, Helena Horta},
  date = {1997},
  journaltitle = {Chungara: Revista de Antropología Chilena},
  volume = {29},
  number = {1},
  eprint = {27802052},
  eprinttype = {jstor},
  pages = {81--108},
  publisher = {Universidad de Tarapaca},
  issn = {0716-1182},
  url = {https://www.jstor.org/stable/27802052},
  urldate = {2023-12-19},
  abstract = {Se analizan los motivos decorativos de textiles prehispánicos provenientes del valle de Azapa, Arica, norte de Chile. Se establece una clara línea de continuidad, que se da tanto en formas como en contenido, entre los textiles Maytas, San Miguel y Pocoma. The autor analyzes decorative motives found on pre-hispanic textiles from the Azapa Valley, Arica, Northern Chile. Clear lines of continuity are established, in both form and content, among the Maytas, San Miguel and Pocoma textiles.},
  keywords = {Moyen},
  file = {/Users/lise/Zotero/storage/ZDKGQI53/Tricallotis - 1997 - Estudio Iconográfico De Textiles Arqueológicos Del.pdf}
}

@article{youngMontanaMarIntercambio2017,
  title = {De La Montaña al Mar: Intercambio Entre La Sierra Centro-Sur y La Costa Sur Durante El {{Horizonte Temprano}}},
  shorttitle = {De La Montaña al Mar},
  author = {Young, Michelle},
  date = {2017},
  journaltitle = {Boletín de Arqueología PUCP},
  shortjournal = {BOLARQ},
  number = {22},
  pages = {9--34},
  issn = {10292004, 23044292},
  doi = {10.18800/boletindearqueologiapucp.201701.001},
  url = {http://revistas.pucp.edu.pe/index.php/boletindearqueologia/article/view/19490/19600},
  urldate = {2023-11-19}
}
