@incollection{arnoldWovenTechniquesSocial2014,
  title = {Woven Techniques and Social Interactions in the {{South Central Andes}} : Ladder Designs and the Visualisation of Productive Output.},
  shorttitle = {Woven Techniques and Social Interactions in the {{South Central Andes}}},
  author = {Arnold, Denise and Espejo, Elvira},
  date = {2014-01-01},
  pages = {303-326.},
  abstract = {In this chapter we examine the relations between weaving techniques and the social domain of knowledge and documentation, as expressed through the so-called ‘ladder’ techniques, in English terminology. These ladder techniques are characterised by their rows of contrasting colours in the simple form, or alternatively by their intercalated chequered patterns in the multiple form. Commonly they are used today to begin and end a textile design band, but they sometimes constitute whole bands. These ladder techniques have been mentioned in passing by a number of scholars, usually in the context of striped farming bags, both ethnographic and archaeological. However, no one to date has ventured a coherent account of their uses and meanings. We argue here that ladder techniques have played an important articulating role between textile technology and the social domain in the past, above all from the Middle Horizon Period, as an essential element in a coding in cloth to document the storage of food products, and the transactions made to gain access to these products at different ecological altitudes. Evidence is drawn from a range of archaeological examples, and ethnographic examples from ayllu Qaqachaka, ayllu K’ultha, and Sacaca in highland Bolivia, among others.},
  isbn = {978-1-909492-08-0}
}

@article{brandoIntroductionHumanitesNumeriques2021,
  title = {Introduction. {{Humanités}} Numériques et Analyses Spatiales : Enjeux et Perspectives},
  shorttitle = {Introduction. {{Humanités}} Numériques et Analyses Spatiales},
  author = {Brando, Carmen and Frontini, Francesca and Moreau, Dominic and Roche, Mathieu and Masson, Éric},
  date = {2021-05-01},
  journaltitle = {Humanités numériques},
  shortjournal = {revuehn},
  number = {3},
  issn = {2736-2337},
  doi = {10.4000/revuehn.2038},
  url = {http://journals.openedition.org/revuehn/2038},
  urldate = {2023-02-23}
}

@book{charlierzeineddineChapitreLikIchiri2015,
  title = {Chapitre I. Les lik’ichiri - Soupçons, confessions et châtiments},
  author = {Charlier Zeineddine, Laurence},
  date = {2015},
  publisher = {Presses universitaires de Rennes},
  issn = {2827-2978},
  url = {https://books.openedition.org/pur/​https://books.openedition.org/pur/41747},
  urldate = {2023-12-10},
  abstract = {Chez les anthropologues andinistes, le lik’ichiri a donné lieu à trois types d’analyses qui n’ont pas été mises en relation~: la rumeur du lik’ichiri («~les curés sont des lik’ichiri~» par exemple), la maladie attribuée à une agression du lik’ichiri et enfin l’accusation de lik’ichiri c’est-à-dire l’identification d’une personne singulière à qui l’on impute le fait d’agir en tant que lik’ichiri. Le lik’ichiri est en effet mentionné dans des rumeurs, utilisé pour des étiologies et sert de just...},
  isbn = {978-2-7535-5285-2},
  langid = {french},
  file = {/Users/lise/Zotero/storage/RZD4V775/41747.html}
}

@inproceedings{desrosiersRevisitingOcucajeOpened2008,
  title = {Revisiting the {{Ocucaje Opened Tunic}} from the {{Textile Museum}}; {{Washington}}, {{D}}.{{C}}.: {{Textile Models}} and the {{Process}} of {{Imitation}}},
  shorttitle = {“{{Revisiting}} the {{Ocucaje Opened Tunic}} from the {{Textile Museum}}; {{Washington}}, {{D}}.{{C}}.},
  booktitle = {Textile {{Society}} of {{America}}, 11th {{Biennal Symposium}}.},
  author = {Desrosiers, Sophie},
  date = {2008-01-01},
  location = {Honolulu, Hawai'i},
  abstract = {The opened tunic from the Textile Museum in Washington D. C. (fig. 1) is a beautiful object the colors and design of which are well known since a part of it was used 22 years ago on the cover of The Junius B. Bird Conference On Andean Textiles. The tunic has no archaeological context, but its characteristics place it among Early Horizon Epoch 9 woven fabrics from Ocucaje. Mary Elizabeth King has described the piece in her doctoral thesis. It is made of four widths: two main panels in balanced plain-weave with discontinuous warp-and-weft, and two borders in triple cloth – all in camelid hairs. The central panels show interlocked snakes and three bands of guilloche in five colors (red, gold, green, cream, dark brown), while the borders show another type of guilloche in green, gold and brown, with the brown almost completely missing. Mary Frame has demonstrated how this design was influenced by fabric structures. Isolated from the whole, the snake design might be looked at as a three-strand braid, and the guilloche motifs as twisted strands – either three-strand plied yarns or three-strand twining (fig. 2ab). And a third reference to textiles is possibly hidden in the composition of the whole piece which can be looked at as “the perfect image of a sprang fabric [in oblique interlacing], with the two halves in reflective symmetry, twined headings at either end and a hold-line in the middle” (fig.2c). According to Frame, this hidden sprang image suggested to her by Martha Stanley is hypothetical as this precise group of features is not found in the archaeological sprang sample from Early Horizon 9 which formed the basis of her research.},
  eventtitle = {Textile as {{Cultural Expression}}},
  file = {/Users/lise/Zotero/storage/AGPILEPS/viewcontent.pdf}
}

@article{desrosiersTechniquesTissageOntelles2010,
  title = {Les Techniques de Tissage Ont-Elles Un Sens ? {{Un}} Mode de Lecture Des Tissus Andins},
  shorttitle = {Les Techniques de Tissage Ont-Elles Un Sens ?},
  author = {Desrosiers, Sophie},
  date = {2010-06-30},
  journaltitle = {Techniques \& culture},
  shortjournal = {tc},
  number = {54-55},
  pages = {263--285},
  issn = {0248-6016, 1952-420X},
  doi = {10.4000/tc.5002},
  url = {http://journals.openedition.org/tc/5002},
  urldate = {2022-03-10},
  keywords = {Textile},
  file = {/Users/lise/Zotero/storage/YN9NUVRY/Desrosiers - 2010 - Les techniques de tissage ont-elles un sens  Un m.pdf}
}

@thesis{housseTerritorialiteFortificationsEntre2021,
  type = {These de doctorat},
  title = {Territorialité et Fortifications Entre La Côte {{Pacifique}} et l'altiplano Méridional Andin à l'{{Intermédiaire Récent}} (1100 - 1450 {{Apr}}. {{J}}.-{{C}}.)},
  author = {Housse, Romuald},
  date = {2021-01-09},
  institution = {Paris 1},
  url = {https://www.theses.fr/2021PA01H004},
  urldate = {2024-01-31},
  abstract = {Cette thèse a pour objectif de comprendre les modalités de l'occupation des régions impliquées dans la complémentarité écologique andine durant une époque considérée comme particulièrement conflictuelle : l'Intermédiaire Récent (1100- 1450 Apr. J.-C.). Notre étude s'est concentrée au sud du Pérou, dans la précordillère de Tacna, région peu documentée archéologiquement, mais réputée ethnohistoriquement pour avoir été un « archipel » multiethnique. Les sources historiques mentionnent ainsi la présence simultanée de populations Lupaca venues des hautes terres altiplaniques et de groupes Arica issus des vallées côtières. Face à un tel scénario, la question était de comprendre comment durant une période rongée par les conflits et caractérisée par la construction généralisée à l'ensemble des Andes d'établissements fortifiés (pucaras) s'organisaient les échanges entre les différentes populations et les modalités de leur éventuelle cohabitation. À travers une analyse comparative des systèmes de fortifications selon un transect entre basses et hautes terres andines (côte Pacifique, précordillère et Altiplano) nous tentons de vérifier la ou les fonction(s) des établissements de type pucara et donc de mieux cerner l’intensité des conflits au sein de ces différents territoires. Cette approche nous permet de mieux comprendre la nature de l'occupation et de  l'exploitation de la précordillère de Tacna à l'Intermédiaire Récent et la nature des relations qu’entretenaient les populations locales à celles des régions limitrophes.},
  keywords = {970.011,Altiplano,Andean archaeology,Archéologie andine,Complémentarité écologique,Ecological complementarity,Fortifications,Fortifications -- Tacna (Pérou ; département),Fouilles archéologiques -- Tacna (Pérou ; département),Lupaqa (Indiens),Pérou,Pérou -- Jusqu'à 1548,Peru,Pucara,Tacna,Territorialité,Territoriality}
}

@inbook{nielsenCirculatingObjectsConstitution2013,
  title = {Circulating {{Objects}} and the {{Constitution}} of {{South Andean Society}} (500 {{BC-AD}} 1550)},
  booktitle = {Merchants, Markets, and Exchange in the {{Pre-Columbian}} World},
  author = {Nielsen, Axel},
  date = {2013},
  series = {Dumbarton {{Oaks Pre-Columbian}} Symposia and Colloquia},
  pages = {389--418},
  publisher = {{Dumbarton Oaks Research Library and Collection}},
  location = {Washington, DC},
  bookauthor = {Hirth, Kenn and Pillsbury, Joanne},
  isbn = {978-0-88402-386-9},
  langid = {english},
  file = {/Users/lise/Zotero/storage/MVJUNXRZ/Nielsen - 2013 - Circulating Objects and the Constitution of South .pdf}
}

@article{oriasReviewQaraqaraCharkaMallku2009,
  title = {Review of {{Qaraqara-Charka}}. {{Mallku}}, {{Inka}} y {{Rey}} En La {{Provincia}} de {{Charcas}} ({{Siglos XV-XVII}}). {{Historia Antropológica}} de Una {{Confederación Aymara}}, {{Thérèse Bouysse-Cassagne}}},
  author = {Orías, Paola Revilla},
  editora = {Platt, Tristan and Bouysse-Cassagne, Thérèse and Harris, Olivia},
  editoratype = {collaborator},
  date = {2009},
  journaltitle = {Chungara: Revista de Antropología Chilena},
  volume = {41},
  number = {2},
  eprint = {41412321},
  eprinttype = {jstor},
  pages = {309--311},
  publisher = {Universidad de Tarapaca},
  issn = {0716-1182},
  url = {https://www.jstor.org/stable/41412321},
  urldate = {2024-05-06},
  file = {/Users/lise/Zotero/storage/H5B8RKZ7/Orías - 2009 - Review of Qaraqara-Charka. Mallku, Inka y Rey en l.pdf}
}
