@book{albersTissage2021,
  title = {Du tissage},
  author = {Albers, Anni},
  translator = {Chrétien, Armelle},
  date = {2021},
  origdate = {1965},
  edition = {Nouvelle éd. augmentée},
  publisher = {les Presses du réel},
  location = {Dijon},
  isbn = {978-2-37896-100-8},
  langid = {fre},
  keywords = {Textile}
}

@article{balfetOuSontClassifications1988,
  title = {Où en sont les classifications textiles ?},
  author = {Balfet, Hélène and Desrosiers, Sophie},
  date = {1988},
  journaltitle = {Techniques \& Culture. Revue semestrielle d'anthropologie des techniques},
  number = {10},
  pages = {207--212},
  publisher = {Les Éditions de l'EHESS},
  issn = {0248-6016},
  doi = {10.4000/tc.851},
  langid = {french},
  keywords = {Textile}
}

@book{emeryPrimaryStructuresFabrics1995,
  title = {The Primary Structures of Fabrics: An Illustrated Classification},
  shorttitle = {The Primary Structures of Fabrics},
  author = {Emery, Irene},
  date = {1995},
  origdate = {1966},
  publisher = {{Thames and Hudson the Textile museum}},
  location = {London Washington (D.C.)},
  isbn = {978-0-500-01623-7},
  langid = {english},
  keywords = {Prioritaire,Textile}
}

@article{leclercqEntretienAvecJeanPaul2016,
  title = {Entretien avec Jean-Paul Leclercq par Rémi Labrusse},
  author = {Leclercq, Jean-Paul and Labrusse, Rémi},
  date = {2016},
  journaltitle = {Perspective. Actualité en histoire de l'art},
  number = {1},
  pages = {61--74},
  publisher = {Institut national d'histoire de l'art},
  issn = {1777-7852},
  doi = {10.4000/perspective.6303},
  langid = {french},
  keywords = {arts à matrices,arts décoratifs,collection,matrice,méthode,musée,production,sciences,technique,textile,Textile,usage},
  file = {/Users/lise/Zotero/storage/NNIGLY7T/Leclercq et Labrusse - 2016 - Entretien avec Jean-Paul Leclercq par Rémi Labruss.pdf}
}

@book{leroi-gourhanHommeMatiereEvolution1943,
  title = {L'Homme et la Matière : évolution et techniques},
  shorttitle = {L'h́omme et la matière},
  author = {Leroi-Gourhan, André},
  date = {1943},
  series = {Sciences d'aujourd'hui},
  publisher = {Éd. Albin Michel},
  location = {Paris},
  isbn = {978-2-226-06213-0},
  langid = {fre},
  pagetotal = {348}
}

@article{schulzCrossroadsClothTextile2016,
  title = {Crossroads of {{Cloth}}: {{Textile Arts}} and {{Aesthetics}} in and beyond the {{Medieval Islamic World}}},
  shorttitle = {Crossroads of {{Cloth}}},
  author = {Schulz, Vera-Simone},
  date = {2016},
  journaltitle = {Perspective. Actualité en histoire de l'art},
  number = {1},
  pages = {93--108},
  publisher = {Institut national d'histoire de l'art},
  issn = {1777-7852},
  doi = {10.4000/perspective.6309},
  abstract = {Textile arts were long neglected by art history as “minor” or “applied” arts; however, the recent turns towards transcultural and global art history, material culture, and a new interest in artifacts have brought increasing attention to textile studies. In this context the author seeks to reassess academic approaches to textiles from the medieval Islamic world, highlighting their role in the lively artistic interactions between Islamic territories and other regions and exploring both the multiple temporalities inherent in many textiles and their place at the intersection of various media and materials. Rather than technical analyses of medieval fabrics, she offers a contribution to the re-evaluation of the textile medium within the discipline of art history.},
  isbn = {9782917902318},
  langid = {english},
  keywords = {aesthetics,artistic transfer,circulation,global,islamic arts,material culture,medium,Textile,textile arts,trade,transcultural},
  file = {/Users/lise/Zotero/storage/6QVE8RPV/Schulz - 2016 - Crossroads of Cloth Textile Arts and Aesthetics i.pdf}
}

@book{seiler-baldingerTextilesClassificationTechniques1995,
  title = {Textiles: A Classification of Techniques},
  shorttitle = {Textiles},
  author = {Seiler-Baldinger, Annemarie},
  date = {1995},
  origdate = {1979},
  publisher = {Smithsonian Institution Press},
  location = {Washington, DC},
  isbn = {978-1-56098-509-9},
  pagetotal = {256},
  keywords = {Prioritaire,Textile}
}
