@book{castilloguzmanAlcoholAndinoEmbriaguez2015,
  title = {Alcohol en el sur andino: embriaguez y quiebre de jerarquías},
  shorttitle = {Alcohol en el sur andino},
  author = {Castillo Guzmán, Gerardo},
  date = {2015},
  edition = {1},
  publisher = {PUCP},
  location = {Lima},
  isbn = {978-612-317-124-7},
  langid = {spanish},
  pagetotal = {182}
}

@book{favreIndigenisme1996,
  title = {L'indigénisme},
  author = {Favre, Henri},
  date = {1996},
  series = {Que Sais-Je?},
  edition = {1re éd},
  number = {3088},
  publisher = {Presses universitaires de France},
  location = {Paris},
  isbn = {978-2-13-047546-0},
  pagetotal = {127}
}

@incollection{koselleckEspacioExperienciaHorizonte1993,
  title = {"Espacio de Experiencia" y "Horizonte de Expectativa", Dos Categorías Históricas},
  booktitle = {Futuro pasado. Para una semántica de los tiempos históricos},
  author = {Koselleck, Reinhart},
  date = {1993},
  pages = {333--357},
  publisher = {Paidos},
  location = {Barcelona},
  langid = {spanish},
  keywords = {linguistique},
  file = {/Users/lise/Zotero/storage/Z2DQSVBA/Koselleck-Espacio de experiencia, pp. 333-357.pdf}
}

@book{koselleckFuturPasseContribution2016,
  title = {Le futur passé : contribution à la sémantique des temps historiques},
  shorttitle = {Le futur passé},
  author = {Koselleck, Reinhart},
  translator = {Hoock, Jochen and Hoock-Demarle, Marie-Claire},
  namea = {Loriga, Sabina},
  nameatype = {collaborator},
  date = {2016},
  series = {En temps \& lieux},
  edition = {Nouvelle édition revue et complétée},
  number = {61},
  publisher = {Éditions EHESS},
  location = {Paris},
  isbn = {978-2-7132-2533-8},
  langid = {fre},
  pagetotal = {398},
  keywords = {linguistique}
}

@book{murraFormacionesEconomicasPoliticas1975,
  title = {Formaciones económicas y políticas del mundo andino},
  author = {Murra, John V.},
  date = {1975},
  series = {Historia andina},
  edition = {1. ed},
  publisher = {Instituto de Estudios Peruanos},
  location = {Lima},
  langid = {spanish},
  pagetotal = {339},
  keywords = {Andes},
  annotation = {OCLC: 1864118}
}
