@online{AmanoPreColumbianTextile,
  title = {Amano {{Pre-Columbian Textile Museum}}},
  url = {https://artsandculture.google.com/partner/museo-textil-precolombino-amano},
  urldate = {2023-01-02},
  langid = {american}
}

@online{AmericanTextileHistory,
  title = {American {{Textile History Museum}}},
  url = {http://www.athm.org/},
  urldate = {2023-04-25}
}

@online{FrontPageWeaving,
  title = {Front Page â€” {{Weaving Communities}} of {{Practice}}},
  url = {http://www.weavingcommunities.org/index.html},
  urldate = {2023-04-25},
  file = {/Users/lise/Zotero/storage/ASAK6CLN/index.html}
}

@online{Imatex,
  title = {Imatex},
  url = {http://imatex.cdmt.cat/},
  urldate = {2023-05-09},
  file = {/Users/lise/Zotero/storage/HJ4PB95S/imatex.cdmt.cat.html}
}

@online{InternationalTextileCollection,
  title = {International {{Textile Collection}} | {{Special Collections}} | {{Library}} | {{University}} of {{Leeds}}},
  url = {https://library.leeds.ac.uk/special-collections/collection/2576},
  urldate = {2023-04-25},
  file = {/Users/lise/Zotero/storage/EULLY8MT/2576.html}
}

@online{SILKNOWSILK,
  title = {{{SILKNOW}}: {{SILK}}:},
  url = {https://skosmos.silknow.org/thesaurus/fr/page/?uri=http%3A%2F%2Fvocab.getty.edu%2Faat%2F300264088},
  urldate = {2023-01-04}
}

@online{TEXMEDINDigitalLibrary,
  title = {{{TEXMEDIN Digital Library}} - {{Home}}},
  url = {https://www.texmedindigitalibrary.eu/},
  urldate = {2023-04-25},
  file = {/Users/lise/Zotero/storage/RW4WCXFJ/www.texmedindigitalibrary.eu.html}
}

@online{TextileMuseumCanada,
  title = {Textile {{Museum}} of {{Canada}}},
  url = {https://textilemuseum.ca/},
  urldate = {2023-04-25},
  langid = {american}
}
