@online{abaranesBibliographieAnalyseSpatiale2021,
  type = {Billet},
  title = {Bibliographie : analyse spatiale et SIG},
  shorttitle = {Bibliographie},
  author = {{abaranes}},
  date = {2021-12-10},
  url = {https://peer.hypotheses.org/549},
  urldate = {2023-12-21},
  abstract = {Références sur l’analyse spatiale en Histoire et Archéologie Ouvrages généraux et recueils d’études de cas : • Olivier Barge, Xavier Rodier, Gourguen Davtian, Laure Saligny, L’utilisation des Systèmes d’Information géographique appliquée à l’archéologie française,...},
  langid = {french},
  organization = {Collectif PEER},
  keywords = {Important}
}

@article{bargeUtilisationSystemesInformation2004,
  title = {L'utilisation des systèmes d'information géographique appliquée à l'archéologie française},
  author = {Barge, Olivier and Rodier, Xavier and Davtian, Gourguen and Saligny, Laure},
  date = {2004},
  journaltitle = {ArchéoSciences, revue d'Archéométrie},
  volume = {28},
  number = {1},
  pages = {15--24},
  publisher = {Presses Universitaires de Rennes},
  doi = {10.3406/arsci.2004.1058},
  url = {https://www.persee.fr/doc/arsci_0399-1237_2004_num_28_1_1058},
  urldate = {2023-12-21},
  abstract = {Le développement des outils géomatiques donne lieu en archéologie à des systèmes d'information qui ont leur propre d'information spatiale, structures de données, thèmes, échelles et méthodes d'analyse. En effet, les SIG permettent de traiter l'information archéologique, constituée par nature de données spatialisées, à plusieurs échelles (fouille, ville, micro-région, région). Les fonctionnalités disponibles avec ces outils offrent des nouvelles modalités d'exploitation des données et donne naissance à de multiples cartes thématiques. L'acquisition des données est facilitée par le couplage des SIG aux outils de télépositionnement (GPS) ou de topographie. Les SIG permettent la gestion d'informations d'origine variée (images satellites, photographies aériennes, cartes thématiques ou bases de données environnementales, cartes anciennes. . .) et assurent la mise en perspective des données archéologiques. En outre, ils donnent accès aux outils d'analyse spatiale des géographes permettant de croiser des données quantitatives et qualitatives pour aboutir à des applications spécifiques à l'archéologie : analyse de provenance de matériaux, modélisations prédictives, analyses de distances et de contextes. La construction de systèmes d'information à référence spatiale spécifiques à l'archéologie dans différentes institutions selon des objectifs opérationnels ou scientifiques montrent comment les unes exploitent les capacités de gestion offertes par les outils SIG et les autres leurs potentialités en tant qu'outils de recherche. Néanmoins, les difficultés de mise en œuvre concernant en particulier la structuration des données et l'utilisation des outils d'analyse spatiale ont fait apparaître des besoins méthodologiques spécifiques auxquels se propose de répondre le réseau ISA (Information Spatiale et Archéologie) en regroupant des concepteurs et des utilisateurs d'information spatiale en archéologie.},
  langid = {fre}
}

@article{boeingOSMNXNewMethods2017,
  title = {{{OSMNX}}: {{New Methods}} for {{Acquiring}}, {{Constructing}}, {{Analyzing}}, and {{Visualizing Complex Street Networks}}},
  shorttitle = {{{OSMNX}}},
  author = {Boeing, Geoff},
  date = {2017-07-07},
  journaltitle = {Computers Environment and Urban Systems},
  shortjournal = {Computers Environment and Urban Systems},
  volume = {65},
  pages = {126--139},
  doi = {10.1016/j.compenvurbsys.2017.05.004},
  abstract = {Urban scholars have studied street networks in various ways, but there are data availability and consistency limitations to the current urban planning/street network analysis literature. To address these challenges, this article presents OSMnx, a new tool to make the collection of data and creation and analysis of street networks simple, consistent, automatable and sound from the perspectives of graph theory, transportation, and urban design. OSMnx contributes five significant capabilities for researchers and practitioners: first, the automated downloading of political boundaries and building footprints; second, the tailored and automated downloading and constructing of street network data from OpenStreetMap; third, the algorithmic correction of network topology; fourth, the ability to save street networks to disk as shapefiles, GraphML, or SVG files; and fifth, the ability to analyze street networks, including calculating routes, projecting and visualizing networks, and calculating metric and topological measures. These measures include those common in urban design and transportation studies, as well as advanced measures of the structure and topology of the network. Finally, this article presents a simple case study using OSMnx to construct and analyze street networks in Portland, Oregon.}
}

@article{brandoIntroductionHumanitesNumeriques2021,
  title = {Introduction. {{Humanités}} Numériques et Analyses Spatiales : Enjeux et Perspectives},
  shorttitle = {Introduction. {{Humanités}} Numériques et Analyses Spatiales},
  author = {Brando, Carmen and Frontini, Francesca and Moreau, Dominic and Roche, Mathieu and Masson, Éric},
  date = {2021},
  journaltitle = {Humanités numériques},
  shortjournal = {revuehn},
  number = {3},
  issn = {2736-2337},
  doi = {10.4000/revuehn.2038},
  url = {http://journals.openedition.org/revuehn/2038},
  urldate = {2023-02-23}
}

@article{eeckhoutSombraYchsma2004,
  title = {La sombra de Ychsma},
  author = {Eeckhout, Peter},
  date = {2004-12-01},
  journaltitle = {Bulletin de l'Institut français d'études andines},
  volume = {33},
  number = {3},
  pages = {403--423},
  publisher = {Institut français des études andines},
  issn = {0303-7495},
  doi = {10.4000/bifea.5047},
  url = {https://journals.openedition.org/bifea/5047},
  urldate = {2023-12-11},
  abstract = {“Pluralitas non est ponenda sine neccesitate” (La explicación que reclama menos hipótesis resulta ser probablemente la más correcta)William Occam, siglo XIV El título del presente ensayo se inspira en otro, publicado recientemente por Peter Kaulicke, dedicado a una revisión minuciosa y muy instructiva del fenómeno Huari en la costa central, con sus múltiples implicaciones. A finalizar su análisis, Kaulicke (2000: 347) señala que las reconstrucciones del trasfondo político sugeridas por Menzel...},
  langid = {spanish},
  file = {/Users/lise/Zotero/storage/NPT7X7JG/Eeckhout - 2004 - La sombra de Ychsma.pdf}
}

@report{fioraniAgriculturalPracticesHighaltitude2022a,
  type = {preprint},
  title = {Agricultural Practices in a High-Altitude Valley of the {{Southern Andes}}: New Insights from Organic Residue Analysis from {{La Ciénega}} Valley, {{Argentina}} (ca. 200 {{BCE-900 CE}})},
  shorttitle = {Agricultural Practices in a High-Altitude Valley of the {{Southern Andes}}},
  author = {Fiorani, Agustina V. and Fundurulić, Ana and Manhita, Ana and Salvi, Valeria Franco and Dias, Cristina Barrocas},
  date = {2022-11-23},
  institution = {In Review},
  doi = {10.21203/rs.3.rs-2278015/v1},
  url = {https://www.researchsquare.com/article/rs-2278015/v1},
  urldate = {2023-12-10},
  file = {/Users/lise/Zotero/storage/KBE75KFG/Fiorani et al. - 2022 - Agricultural practices in a high-altitude valley o.pdf}
}

@article{goldbergTextGeographicCoordinates2007,
  title = {From {{Text}} to {{Geographic Coordinates}}: {{The Current State}} of {{Geocoding}}},
  author = {Goldberg, Daniel W and Wilson, John P and Knoblock, Craig A},
  date = {2007},
  volume = {19},
  number = {1},
  abstract = {This article presents a survey of the state of the art in geocoding practices through a cross-disciplinary historical review of existing literature. We explore the evolving concept of geocoding and the fundamental components of the process. Frequently encountered sources of error and uncertainty are discussed as well as existing measures used to quantify them. An examination of common pitfalls and persistent challenges in the geocoding process is presented, and the traditional methods for overcoming them are described.},
  langid = {english},
  file = {/Users/lise/Zotero/storage/9UAN933W/Goldberg et al. - 2007 - From Text to Geographic Coordinates The Current S.pdf}
}

@article{legouillPlattTristanDefendiendo2020,
  title = {Platt Tristán, Defendiendo el techo fiscal. Curacas, ayllus y sindicatos en el Gran Ayllu Macha, norte de Potosí, Bolivia, 1930-1994, suivi de Platt Tristán et Gonzalo Molina Echeverría, Catálogo del archivo del curacazgo de Macha Alasaya. Documentos de la familia Carbajal},
  author = {Le Gouill, Claude},
  date = {2020-12-15},
  journaltitle = {Journal de la Société des américanistes},
  volume = {106},
  number = {2},
  pages = {299--305},
  publisher = {Société des américanistes},
  issn = {0037-9174},
  doi = {10.4000/jsa.18769},
  url = {https://journals.openedition.org/jsa/18769},
  urldate = {2023-12-08},
  abstract = {Cet ouvrage est l’histoire d’une rencontre~: celle que fit Tristán Platt en~1971 avec don Agustín Carbajal, alors curaca de la parcialidad Alasaya (autorité de la moitié «~du haut~») du Gran Ayllu Macha, dans le nord du département de Potosí en Bolivie. À cette occasion, la famille Carbajal lui dévoile quelques documents des archives indigènes de l’ayllu. Lors d’un nouveau séjour, en~2013, Gregorio Carbajal, le fils de don Agustín qui lui succéda au poste de curaca, présente cette fois à Plat...},
  langid = {french},
  file = {/Users/lise/Zotero/storage/B3Q5VUKA/Le Gouill - 2020 - Platt Tristán, Defendiendo el techo fiscal. Curaca.pdf}
}

@online{MediumTutorialsGeoPyExamplesGeoPy_NominatimExample,
  title = {{{MediumTutorials}}/{{GeoPyExamples}}/{{GeoPy}}\_{{NominatimExample}}.Py at Main · Abjmorrison/{{MediumTutorials}}},
  url = {https://github.com/abjmorrison/MediumTutorials/blob/main/GeoPyExamples/GeoPy_NominatimExample.py},
  urldate = {2023-12-29},
  abstract = {Contribute to abjmorrison/MediumTutorials development by creating an account on GitHub.},
  langid = {english},
  organization = {GitHub},
  file = {/Users/lise/Zotero/storage/CRMN7UUS/GeoPy_NominatimExample.html}
}

@online{morrisonGeocodingOpenStreetMapAPI2021,
  title = {Geocoding with the {{OpenStreetMap API}} and {{GeoPy}}},
  author = {Morrison, Alicia},
  date = {2021-07-26T07:28:30},
  url = {https://medium.com/@amorrison_58444/geocoding-with-the-openstreetmap-api-and-geopy-325633980a15},
  urldate = {2023-12-22},
  abstract = {OpenStreetMap is a free, open-source global map. It’s THE open-source global map, crowd sourced and available for anyone to use. But how…},
  langid = {english},
  organization = {Medium},
  file = {/Users/lise/Zotero/storage/YILNPJKG/geocoding-with-the-openstreetmap-api-and-geopy-325633980a15.html}
}

@article{robertUtilisationSIGArcheogeographie2008,
  title = {L'utilisation Des {{SIG}} En Archéogéographie Planimétrique},
  author = {Robert, Sandrine},
  date = {2008},
  journaltitle = {Cahier des thèmes transversaux ArScAn},
  volume = {VIII},
  pages = {224--226},
  publisher = {CNRS - UMR 7041 (Archéologie et Sciences de l'Antiquité - ArScAn)},
  url = {https://hal.science/hal-02236295},
  urldate = {2023-12-21},
  abstract = {En archéogéographie, les Systèmes d'Information Géographiques (SIG) sont utilisés pour les principales opérations effectuées tout au long d'une étude. Dans un premier temps, ils permettent de compiler l'information de documents planimétriques hétérogènes (cartes anciennes, photographies aériennes, plans topographiques etc.) sur une même base géométrique et géographique. Ils peuvent être utilisés pour réaliser une véritable base de données territoriale facilitant les va-et-vient entre l'observation localisée et la vision mesoscopique ou macroscopique. Dans un deuxième temps, le SIG permet d'optimiser les phases d'analyse à travers une manipulation plus aisée des échelles et l'automatisation de la recherche sur les indicateurs de transmission des formes qui sont par essence de nature spatiale et géométrique. Enfin, le SIG apparaît comme un outil de modélisation dans la mesure où il permet de tester des hypothèses traduites sous formes de fonctions spatiales.}
}

@online{UserGuideFolium,
  title = {User Guide — {{Folium}} 0.1.Dev1+g4e6ebfe Documentation},
  url = {https://python-visualization.github.io/folium/latest/user_guide.html},
  urldate = {2024-01-03}
}

@online{WelcomeGeoPyDocumentation,
  title = {Welcome to {{GeoPy}}’s Documentation! — {{GeoPy}} 2.4.1 Documentation},
  url = {https://geopy.readthedocs.io/en/stable/#module-geopy.distance},
  urldate = {2024-01-05}
}
